@article{liu2021scinet,
  author    = {Minhao Liu and
               Ailing Zeng and
               Qiuxia Lai and
               Qiang Xu},
  title     = {Time Series is a Special Sequence: Forecasting with Sample Convolution
               and Interaction},
  journal   = {CoRR},
  volume    = {abs/2106.09305},
  year      = {2021},
  url       = {https://arxiv.org/abs/2106.09305},
  eprinttype = {arXiv},
  eprint    = {2106.09305},
  timestamp = {Tue, 29 Jun 2021 16:55:04 +0200},
  biburl    = {https://dblp.org/rec/journals/corr/abs-2106-09305.bib},
  bibsource = {dblp computer science bibliography, https://dblp.org}
}

@article{elger1998siezure,
author = {Elger, Christian and Lehnertz, Klaus},
year = {1998},
month = {03},
pages = {786-9},
title = {Seizure prediction by non-linear time series analysis of brain electrical activity},
volume = {10},
journal = {The European journal of neuroscience},
doi = {10.1046/j.1460-9568.1998.00090.x}
}

@article{mudelsee2019climate,
title = {Trend analysis of climate time series: A review of methods},
journal = {Earth-Science Reviews},
volume = {190},
pages = {310-322},
year = {2019},
issn = {0012-8252},
doi = {https://doi.org/10.1016/j.earscirev.2018.12.005},
url = {https://www.sciencedirect.com/science/article/pii/S0012825218303726},
author = {Manfred Mudelsee}
}

@article{box1968arima,
 ISSN = {00359254, 14679876},
 URL = {http://www.jstor.org/stable/2985674},
 author = {G. E. P. Box and G. M. Jenkins},
 journal = {Journal of the Royal Statistical Society. Series C (Applied Statistics)},
 number = {2},
 pages = {91--109},
 publisher = {[Wiley, Royal Statistical Society]},
 title = {Some Recent Advances in Forecasting and Control},
 volume = {17},
 year = {1968}
}

@misc{salinas2019deepar,
      title={DeepAR: Probabilistic Forecasting with Autoregressive Recurrent Networks}, 
      author={David Salinas and Valentin Flunkert and Jan Gasthaus},
      year={2019},
      eprint={1704.04110},
      archivePrefix={arXiv},
      primaryClass={cs.AI}
}

@misc{lai2018lstnet,
      title={Modeling Long- and Short-Term Temporal Patterns with Deep Neural Networks}, 
      author={Guokun Lai and Wei-Cheng Chang and Yiming Yang and Hanxiao Liu},
      year={2018},
      eprint={1703.07015},
      archivePrefix={arXiv},
      primaryClass={cs.LG}
}

@misc{wu2020connecting,
      title={Connecting the Dots: Multivariate Time Series Forecasting with Graph Neural Networks}, 
      author={Zonghan Wu and Shirui Pan and Guodong Long and Jing Jiang and Xiaojun Chang and Chengqi Zhang},
      year={2020},
      eprint={2005.11650},
      archivePrefix={arXiv},
      primaryClass={cs.LG}
}

@misc{li2020enhancing,
      title={Enhancing the Locality and Breaking the Memory Bottleneck of Transformer on Time Series Forecasting}, 
      author={Shiyang Li and Xiaoyong Jin and Yao Xuan and Xiyou Zhou and Wenhu Chen and Yu-Xiang Wang and Xifeng Yan},
      year={2020},
      eprint={1907.00235},
      archivePrefix={arXiv},
      primaryClass={cs.LG}
}

@inproceedings{yu2016trmf,
 author = {Yu, Hsiang-Fu and Rao, Nikhil and Dhillon, Inderjit S},
 booktitle = {Advances in Neural Information Processing Systems},
 editor = {D. Lee and M. Sugiyama and U. Luxburg and I. Guyon and R. Garnett},
 pages = {},
 publisher = {Curran Associates, Inc.},
 title = {Temporal Regularized Matrix Factorization for High-dimensional Time Series Prediction},
 url = {https://proceedings.neurips.cc/paper/2016/file/85422afb467e9456013a2a51d4dff702-Paper.pdf},
 volume = {29},
 year = {2016}
}

@misc{vaswani2017attention,
      title={Attention Is All You Need}, 
      author={Ashish Vaswani and Noam Shazeer and Niki Parmar and Jakob Uszkoreit and Llion Jones and Aidan N. Gomez and Lukasz Kaiser and Illia Polosukhin},
      year={2017},
      eprint={1706.03762},
      archivePrefix={arXiv},
      primaryClass={cs.CL}
}

@misc{sutskever2014sequence,
      title={Sequence to Sequence Learning with Neural Networks}, 
      author={Ilya Sutskever and Oriol Vinyals and Quoc V. Le},
      year={2014},
      eprint={1409.3215},
      archivePrefix={arXiv},
      primaryClass={cs.CL}
}

@misc{oreshkin2020nbeats,
      title={N-BEATS: Neural basis expansion analysis for interpretable time series forecasting}, 
      author={Boris N. Oreshkin and Dmitri Carpov and Nicolas Chapados and Yoshua Bengio},
      year={2020},
      eprint={1905.10437},
      archivePrefix={arXiv},
      primaryClass={cs.LG}
}

 @misc{wikiMcomp,
   author = "{Vipul et al.}",
   title = "Makridakis Competitions",
   year = "2021",
   url = "https://en.wikipedia.org/wiki/Makridakis_Competitions",
   note = "[Online; accessed 27.12.2021]"
 }
 
 @misc{oord2016wavenet,
      title={WaveNet: A Generative Model for Raw Audio}, 
      author={Aaron van den Oord and Sander Dieleman and Heiga Zen and Karen Simonyan and Oriol Vinyals and Alex Graves and Nal Kalchbrenner and Andrew Senior and Koray Kavukcuoglu},
      year={2016},
      eprint={1609.03499},
      archivePrefix={arXiv},
      primaryClass={cs.SD}
}

@misc{zhou2021informer,
      title={Informer: Beyond Efficient Transformer for Long Sequence Time-Series Forecasting}, 
      author={Haoyi Zhou and Shanghang Zhang and Jieqi Peng and Shuai Zhang and Jianxin Li and Hui Xiong and Wancai Zhang},
      year={2021},
      eprint={2012.07436},
      archivePrefix={arXiv},
      primaryClass={cs.LG}
}

@article{chen2000freeway,
    author = {Chen, Chao and Petty, Karl and Skabardonis, Alex},
    year = {2000},
    month = {01},
    pages = {},
    title = {Freeway Performance Measurement System: Mining Loop Detector Data},
    volume = {1748},
    journal = {Transportation Research Record},
    doi = {10.3141/1748-12}
}